<record><leader>00000cas a22000007  4500</leader><controlfield tag="001">9677952</controlfield><controlfield tag="008">830707d19261964akuwr ne      0    0eng d</controlfield><datafield ind1=" " ind2=" " tag="010"><subfield code="a">sn 83045359 </subfield></datafield><datafield ind1=" " ind2=" " tag="040"><subfield code="a">CRL</subfield><subfield code="b">eng</subfield><subfield code="c">CRL</subfield><subfield code="d">NPW</subfield><subfield code="d">ANE</subfield><subfield code="d">OCLCQ</subfield><subfield code="d">OCLCF</subfield><subfield code="d">OCLCO</subfield></datafield><datafield ind1="1" ind2=" " tag="029"><subfield code="a">AU@</subfield><subfield code="b">000025812671</subfield></datafield><datafield ind1=" " ind2=" " tag="042"><subfield code="a">msc</subfield></datafield><datafield ind1="0" ind2=" " tag="130"><subfield code="a">Petersburg press (Petersburg, Alaska : 1926)</subfield></datafield><datafield ind1="0" ind2="0" tag="245"><subfield code="a">Petersburg press.</subfield></datafield><datafield ind1=" " ind2=" " tag="260"><subfield code="a">Petersburg, Alaska :</subfield><subfield code="b">J.W. Schoettler, A.O. Elstad,</subfield><subfield code="c">1926-1964.</subfield></datafield><datafield ind1=" " ind2=" " tag="300"><subfield code="a">38 v.</subfield></datafield><datafield ind1=" " ind2=" " tag="310"><subfield code="a">Weekly</subfield></datafield><datafield ind1="0" ind2=" " tag="362"><subfield code="a">Vol. 1, no. 1 (Aug. 27, 1926)-50th year, no. 27 (June 26, 1964).</subfield></datafield><datafield ind1=" " ind2=" " tag="515"><subfield code="a">Issue numbering irregular.</subfield></datafield><datafield ind1=" " ind2="0" tag="651"><subfield code="a">Petersburg (Alaska)</subfield><subfield code="v">Newspapers.</subfield></datafield><datafield ind1=" " ind2="7" tag="655"><subfield code="a">Newspapers.</subfield><subfield code="2">fast</subfield><subfield code="0">(OCoLC)fst01423814</subfield></datafield><datafield ind1=" " ind2="7" tag="651"><subfield code="a">Alaska</subfield><subfield code="z">Petersburg.</subfield><subfield code="2">fast</subfield><subfield code="0">(OCoLC)fst01221366</subfield></datafield><datafield ind1=" " ind2=" " tag="752"><subfield code="a">United States</subfield><subfield code="b">Alaska</subfield><subfield code="d">Petersburg.</subfield></datafield><datafield ind1="0" ind2="0" tag="785"><subfield code="t">New Petersburg press</subfield><subfield code="w">(DLC)sn 96060042</subfield><subfield code="w">(OCoLC)34768381</subfield></datafield></record>